@article{Beutel2017DataDA,
  title={Data Decisions and Theoretical Implications when Adversarially Learning Fair Representations},
  author={Alex Beutel and Jilin Chen and Zhe Zhao and Ed Huai-hsin Chi},
  journal={CoRR},
  year={2017},
  volume={abs/1707.00075}
}
